<?xml version="1.0" encoding="UTF-8"?><record xmlns="http://www.loc.gov/MARC21/slim" xmlns:cinclude="http://apache.org/cocoon/include/1.0" xmlns:zs="http://www.loc.gov/zing/srw/">
  <leader>00560cz  a2200157n  4500</leader>
  <controlfield tag="001">no 00068243 </controlfield>
  <controlfield tag="003">DLC</controlfield>
  <controlfield tag="005">20010326152942.0</controlfield>
  <controlfield tag="008">000823n| acannaab           |a aaa      </controlfield>
  <datafield tag="010" ind1=" " ind2=" ">
    <subfield code="a">no 00068243 </subfield>
  </datafield>
  <datafield tag="035" ind1=" " ind2=" ">
    <subfield code="a">(OCoLC)oca05294995</subfield>
  </datafield>
  <datafield tag="040" ind1=" " ind2=" ">
    <subfield code="a">NjP</subfield>
    <subfield code="b">eng</subfield>
    <subfield code="c">NjP</subfield>
    <subfield code="d">DLC</subfield>
  </datafield>
  <datafield tag="100" ind1="1" ind2=" ">
    <subfield code="a">Lo Faro, Antonio</subfield>
  </datafield>
  <datafield tag="400" ind1="1" ind2=" ">
    <subfield code="a">Faro, Antonio Lo</subfield>
  </datafield>
  <datafield tag="670" ind1=" " ind2=" ">
    <subfield code="a">Regulating social Europe, 2000:</subfield>
    <subfield code="b">t.p. (Antonio Lo Faro)</subfield>
  </datafield>
  <datafield tag="670" ind1=" " ind2=" ">
    <subfield code="a">Funzioni e finzioni della contrattazione collettiva comunitaria, 1999:</subfield>
    <subfield code="b">(b. in Catania, 1963; Ph.D. in scienze giuridiche, Istituto Univ. Europeo di Firenze)</subfield>
  </datafield>
</record>